% Encoding: UTF-8

@Online{camera,
  title = {Logitech HD Pro Webcam C920},
  date  = {2017-03-23},
  url   = {http://www.logitech.com/en-us/product/hd-pro-webcam-c920},
}

@Online{kuka,
  title = {KR AGILUS sixx - Kuka},
  date  = {2017-03-23},
  url   = {https://www.kuka.com/-/media/kuka-downloads/imported/48ec812b1b2947898ac2598aff70abc0/spez_kr_agilus_sixx_en.pdf},
}

@Online{robotStudio,
  title = {RobotStudio},
  date  = {2017-03-28},
  url   = {http://new.abb.com/products/robotics/robotstudio},
}

@Online{duplo,
  title = {LEGO Duplo},
  date  = {2017-04-04},
  url   = {https://www.lego.com/en-us/duplo/products},
}

@Online{matlab,
  title = {MATLAB},
  date  = {2017-04-04},
  url   = {https://www.mathworks.com/products/matlab.html},
}

@Online{abb,
  title = {ABB IRB 140},
  date  = {2017-04-04},
  url   = {http://new.abb.com/products/robotics/industrial-robots/irb-140},
}

@Comment{jabref-meta: databaseType:biblatex;}
